<?xml version="1.0" encoding="UTF-8"?><collection xmlns="http://www.loc.gov/MARC21/slim"><record><leader>00575nam--2200181-i-4500</leader><controlfield tag="001">000017095</controlfield><controlfield tag="002">20161230</controlfield><controlfield tag="005">20161230201032</controlfield><controlfield tag="008">060222s1000------------r-----000-0-rum-d</controlfield><datafield ind1=" " ind2=" " tag="040"><subfield code="a">IFIN-HH</subfield></datafield><datafield ind1=" " ind2=" " tag="041"><subfield code="a">rum</subfield></datafield><datafield ind1=" " ind2=" " tag="080"><subfield code="a">533.9(043)</subfield></datafield><datafield ind1="1" ind2=" " tag="100"><subfield code="a">Ciocan, Adeline Camelia</subfield></datafield><datafield ind1="1" ind2="0" tag="245"><subfield code="a">Excitarea plasmelor laser intr-o descarcare in microunde in vederea analiziei spectrale eleme ntare a probelor solide. teza</subfield><subfield code="c">Adeline camelia ciocan</subfield></datafield><datafield ind1=" " ind2=" " tag="260"><subfield code="a">Bucuresti, Institutul De Fizica Atomica, 1993</subfield></datafield><datafield ind1=" " ind2=" " tag="300"><subfield code="a">116 P</subfield></datafield><datafield ind1=" " ind2=" " tag="852"><subfield code="a">80067</subfield><subfield code="c">533.9</subfield></datafield><datafield ind1=" " ind2=" " tag="CAT"><subfield code="a">Sys</subfield><subfield code="c">20101004</subfield><subfield code="h">155131</subfield></datafield></record></collection>